@article{piano,
    author  =     "N. Z. Gong et al.",
    title   =     "PIANO: Proximity-Based User Authentication on Voice-Powered Internet-of-Things Devices",
    journal =     "2017 IEEE 37th International Conference on Distributed Computing Systems (ICDCS)",
    pages   =     "2212--2219",
    year    =     "2017",
    DOI     =     "http://dx.doi.org/10.1109/ICDCS.2017.68",
    url     =     "https://ieeexplore.ieee.org/abstract/document/7980172"
}

@article{lisag,
    author  =     "P. Musale and D. Baek and N. Werellagama and S. S. Woo and B. J. Choi",
    title   =     "You Walk, We Authenticate: Lightweight Seamless Authentication Based on Gait in Wearable IoT Systems",
    journal =     "IEEE Access, vol. 7",
    pages   =     "37883--37895",
    year    =     "2019",
    DOI     =     "http://dx.doi.org/10.1109/ACCESS.2019.2906663",
    url     =     "https://ieeexplore.ieee.org/document/8672772"
}

@article{puf,
    author  =     "B. Kim and S. Yoon and Y. Kang and D. Choi",
    title   =     "PUF based IoT Device Authentication Scheme",
    journal =     "2019 International Conference on Information and Communication Technology Convergence (ICTC)",
    pages   =     "1460--1462",
    year    =     "2019",
    DOI     =     "http://dx.doi.org/10.1109/ICTC46691.2019.8939751",
    url     =     "https://ieeexplore.ieee.org/abstract/document/8939751"
}

@article{perceptio,
    author  =     "J. Han et al.",
    title   =     "Do You Feel What I Hear? Enabling Autonomous IoT Device Pairing Using Different Sensor Types",
    journal =     "2018 IEEE Symposium on Security and Privacy (SP)",
    pages   =     "836--852",
    year    =     "2018",
    DOI     =     "http://dx.doi.org/10.1109/SP.2018.00041",
    url     =     "https://ieeexplore.ieee.org/document/8418641"
}

@article{proxmotion,
    author  =     "J. Zhang and Z. Wang and Z. Yang and Q. Zhang",
    title   =     "Proximity based IoT device authentication",
    journal =     "IEEE INFOCOM 2017 - IEEE Conference on Computer Communications",
    pages   =     "1--9",
    year    =     "2017",
    DOI     =     "http://dx.doi.org/10.1109/INFOCOM.2017.8057145",
    url     =     "https://ieeexplore.ieee.org/abstract/document/8057145"
}

@article{adhoc,
    author  =     "A. A. S. AlQahtani and H. Alamleh and B. Al Smadi",
    title   =     "IoT Devices Proximity Authentication In Ad Hoc Network Environment",
    journal =     "2022 IEEE International IOT, Electronics and Mechatronics Conference (IEMTRONICS)",
    pages   =     "1--5",
    year    =     "2022",
    DOI     =     "http://dx.doi.org/10.1109/IEMTRONICS55184.2022.9795787",
    url     =     "https://ieeexplore.ieee.org/document/9795787"
}

@article{iot_review_survey,
    author  =     "Lucia and Omphulusa and Isong and Bassey and Gasela and Naison and Abu-Mahfouz and Adnan M.",
    title   =     "Device authentication schemes in IOT: A Review",
    journal =     "2019 International Multidisciplinary Information Technology and Engineering Conference (IMITEC)",
    year    =     "2019",
    DOI     =     "http://dx.doi.org/10.1109/imitec45504.2019.9015902",
    url     =     "https://ieeexplore.ieee.org/document/9015902"
}

@article{pairing_survey,
    author  =     "Mirzadeh and Shahab and Cruickshank and Haitham and Tafazolli and Rahim",
    title   =     "Secure device pairing: A survey",
    journal =     "IEEE Communications Surveys \& Tutorials",
    pages   =     "17--40",
    year    =     "2014",
    DOI     =     "http://dx.doi.org/10.1109/surv.2013.111413.00196",
    url     =     "https://ieeexplore.ieee.org/document/6687314"
}

@article{iot_sec_analysis,
    author  =     "Hossain and Md. Mahmud and Fotouhi and Maziar and Hasan, Ragib",
    title   =     "Towards an analysis of security issues, challenges, and open problems in the internet of things",
    journal =     "2015 IEEE World Congress on Services",
    year    =     "2015",
    DOI     =     "http://dx.doi.org/10.1109/services.2015.12",
    url     =     "https://ieeexplore.ieee.org/document/7196499"
}

@article{iot_comparison,
    author  =     "Azizah and Aulia Nurul and Setiawan and Fauzan Budi and Magfirawaty",
    title   =     "Comparison of authentication schemes on IOT",
    journal =     "2020 2nd International Conference on Industrial Electrical and Electronics (ICIEE)",
    year    =     "2020",
    DOI     =     "http://dx.doi.org/10.1109/iciee49813.2020.9277340",
    url     =     "https://ieeexplore.ieee.org/document/9277340"
}

@article{cola_gait,
    author  =     "Guglielmo Cola and Marco Avvenuti and Fabio Musso and Alessio Vecchio",
    title   =     "Gait-based authentication using a wrist-worn device",
    journal =     "MOBIQUITOUS 2016: Proceedings of the 13th International Conference on Mobile and Ubiquitous Systems: Computing, Networking and Services",
    year    =     "2016",
    DOI     =     "https://doi.org/10.1145/2994374.2994393"
}

@article{puf_braeken,
    author  =     "An Braeken",
    title   =     "PUF Based Authentication Protocol for IoT",
    journal =     "Symmetry",
    year    =     "2018",
    number  =     "8",
    DOI     =     "https://doi.org/10.1145/2994374.2994393",
    URL =         "https://www.mdpi.com/2073-8994/10/8/352"
}

@article{kumar,
    author  =     "Kumar, Arun and Saxena, Nitesh and Tsudik, Gene and Uzun, Ersin",
    title   =     "Caveat eptor: A comparative study of secure device pairing methods",
    journal =     "2009 IEEE International Conference on Pervasive Computing and Communications",
    year    =     "2009",
    DOI     =     "https://doi.org/10.1109/percom.2009.4912753",
    url     =     "https://ieeexplore.ieee.org/document/4912753"
}